@online{baspo,
    title = {Sport und Wirtschaft Schweiz},
    author = {{Bundesamt f√ºr Sport}},
    url = {https://www.baspo.admin.ch/content/baspo-internet/de/dokumentation/publikationen/sport-und-wirtschaft-schweiz/_jcr_content/contentPar/downloadlist_copy_238883746/downloadItems/740_1464610877381.download/sport_und_wirtschaft_schweiz_wirtschaftliche_bedeutung_der_sportveranstaltungen_d.pdf},
    urldate = {2020-12-02},
    year = {2008}
}